<record><leader>00000cas a2200000 a 4500</leader><controlfield tag="001">797035568</controlfield><controlfield tag="006">m     o  d        </controlfield><controlfield tag="007">cr |||||||||||</controlfield><controlfield tag="008">120628d18521872ohudr neo     0    0eng c</controlfield><datafield ind1=" " ind2=" " tag="010"><subfield code="a">  2012263199</subfield></datafield><datafield ind1=" " ind2=" " tag="040"><subfield code="a">TXA</subfield><subfield code="b">eng</subfield><subfield code="c">TXA</subfield><subfield code="d">TXA</subfield><subfield code="d">OCLCF</subfield></datafield><datafield ind1=" " ind2=" " tag="037"><subfield code="b">ProQuest, LLC, 789 E. Eisenhower Parkway, Ann Arbor, MI 48106-1346</subfield></datafield><datafield ind1=" " ind2=" " tag="042"><subfield code="a">pcc</subfield></datafield><datafield ind1=" " ind2=" " tag="043"><subfield code="a">n-us-oh</subfield></datafield><datafield ind1="1" ind2="4" tag="050"><subfield code="a">F499.C5</subfield><subfield code="b">C553</subfield></datafield><datafield ind1="0" ind2=" " tag="130"><subfield code="a">Cincinnati daily enquirer (Cincinnati, Ohio : 1852)</subfield></datafield><datafield ind1="1" ind2="4" tag="245"><subfield code="a">The Cincinnati daily enquirer</subfield><subfield code="h">[electronic resource].</subfield></datafield><datafield ind1=" " ind2=" " tag="260"><subfield code="a">Cincinnati [Ohio] :</subfield><subfield code="b">[Faran &amp; Robinson]</subfield></datafield><datafield ind1=" " ind2=" " tag="310"><subfield code="a">Daily,</subfield><subfield code="b">Feb. 3, 1867-Feb. 17, 1872</subfield></datafield><datafield ind1=" " ind2=" " tag="321"><subfield code="a">Daily (except Monday),</subfield><subfield code="b">Sept. 16, 1852-Dec. 8, 1866</subfield></datafield><datafield ind1=" " ind2=" " tag="321"><subfield code="a">Daily (except Sunday),</subfield><subfield code="b">Dec. 9, 1866-Feb. 2, 1867</subfield></datafield><datafield ind1="1" ind2=" " tag="362"><subfield code="a">Began with: Vol.  12, no. 249 (Sept. 16, 1852); ceased with: Vol. 36, no. 46 (Feb. 17, 1872).</subfield></datafield><datafield ind1=" " ind2=" " tag="500"><subfield code="a">Publishers: Faran &amp; Robinson, &lt;1852&gt;; Enquirer Co., &lt;1856&gt;; Faran &amp; McLean, &lt;1859, 1864-1865, 1869, 1872&gt;.</subfield></datafield><datafield ind1=" " ind2=" " tag="515"><subfield code="a">Issues for Sept. 16, 1852-Dec. 4, 1868 also called: Whole no. 3462-&lt;whole no. 7017&gt;, &lt;whole no. 1080&gt;-whole no. 2499; numbering irregular.</subfield></datafield><datafield ind1=" " ind2=" " tag="580"><subfield code="a">Weekly eds.: Cincinnati weekly enquirer (Cincinnati, Ohio : 1852), 1852-&lt;1857&gt;, and: Weekly enquirer (Cincinnati, Ohio : 1858), &lt;1858&gt;-1859, and: Cincinnati weekly enquirer (Cincinnati, Ohio : 1860), 1860-1872.</subfield></datafield><datafield ind1=" " ind2=" " tag="588"><subfield code="a">Description based on: Vol.  12, no. 249 (Sept. 16, 1852); title from PDF p. 1 banner (ProQuest, viewed June 29, 2012).</subfield></datafield><datafield ind1=" " ind2=" " tag="588"><subfield code="a">Latest issue consulted: Vol. 36, no. 46 (Feb. 17, 1872) (ProQuest, viewed June 29, 2012).</subfield></datafield><datafield ind1=" " ind2="0" tag="651"><subfield code="a">Cincinnati (Ohio)</subfield><subfield code="v">Newspapers.</subfield></datafield><datafield ind1=" " ind2="0" tag="651"><subfield code="a">Hamilton County (Ohio)</subfield><subfield code="v">Newspapers.</subfield></datafield><datafield ind1=" " ind2="7" tag="655"><subfield code="a">Newspapers.</subfield><subfield code="2">fast</subfield><subfield code="0">(OCoLC)fst01423814</subfield></datafield><datafield ind1=" " ind2="7" tag="651"><subfield code="a">Ohio</subfield><subfield code="z">Cincinnati.</subfield><subfield code="2">fast</subfield><subfield code="0">(OCoLC)fst01205142</subfield></datafield><datafield ind1=" " ind2="7" tag="651"><subfield code="a">Ohio</subfield><subfield code="z">Hamilton County.</subfield><subfield code="2">fast</subfield><subfield code="0">(OCoLC)fst01205597</subfield></datafield><datafield ind1=" " ind2=" " tag="752"><subfield code="a">United States</subfield><subfield code="b">Ohio</subfield><subfield code="c">Hamilton</subfield><subfield code="d">Cincinnati.</subfield></datafield><datafield ind1="1" ind2=" " tag="775"><subfield code="t">Cincinnati weekly enquirer (Cincinnati, Ohio : 1852)</subfield></datafield><datafield ind1="1" ind2=" " tag="775"><subfield code="t">Weekly enquirer (Cincinnati, Ohio : 1858)</subfield></datafield><datafield ind1="1" ind2=" " tag="775"><subfield code="t">Cincinnati weekly enquirer (Cincinnati, Ohio : 1860)</subfield></datafield><datafield ind1="0" ind2="8" tag="776"><subfield code="i">Print version:</subfield><subfield code="t">Cincinnati daily enquirer (Cincinnati, Ohio : 1852)</subfield><subfield code="w">(DLC)sn 85042288</subfield><subfield code="w">(OCoLC)12065518</subfield></datafield><datafield ind1="0" ind2="0" tag="780"><subfield code="t">Cincinnati enquirer (Cincinnati, Ohio : 1849)</subfield><subfield code="w">(DLC)  2012263160</subfield><subfield code="w">(OCoLC)797020975</subfield></datafield><datafield ind1="0" ind2="0" tag="785"><subfield code="t">Cincinnati enquirer (Cincinnati, Ohio : 1872)</subfield><subfield code="w">(DLC)  2012263194</subfield><subfield code="w">(OCoLC)137348644</subfield></datafield><datafield ind1="4" ind2="0" tag="856"><subfield code="u">http://search.proquest.com/hnpcincinnatienquirer</subfield></datafield></record>